<?xml version="1.0" encoding="UTF-8"?><collection xmlns="http://www.loc.gov/MARC21/slim"><record><leader>00448nam--2200121-i-4500</leader><controlfield tag="001">000031167</controlfield><controlfield tag="002">20161230</controlfield><controlfield tag="005">20161230201038</controlfield><controlfield tag="008">060222s1000------------r-----000-0-eng-d</controlfield><datafield ind1=" " ind2=" " tag="245"><subfield code="a">Mathematics and its applications. vol.3: topics inthe theory of random noise. 1: general theory of random processes, nonlinear transformations of signals and noise</subfield></datafield><datafield ind1=" " ind2=" " tag="260"><subfield code="a">New York, Gordon And Breach, 1963, Xiii + 392p</subfield></datafield><datafield ind1=" " ind2=" " tag="700"><subfield code="a">Stratonovich, R.L</subfield></datafield><datafield ind1=" " ind2=" " tag="852"><subfield code="a">25374</subfield></datafield></record></collection>